<record><leader>00000cas a22000007i 4500</leader><controlfield tag="001">862977550</controlfield><controlfield tag="006">m     o  d        </controlfield><controlfield tag="007">cr |n|000|||||</controlfield><controlfield tag="008">760620d19161922iauwr neo     0   a0eng  </controlfield><datafield ind1=" " ind2=" " tag="010"><subfield code="a">  2013272099</subfield></datafield><datafield ind1=" " ind2=" " tag="040"><subfield code="a">Nz</subfield><subfield code="b">eng</subfield><subfield code="e">rda</subfield><subfield code="c">Z5A</subfield><subfield code="d">OCLCO</subfield><subfield code="d">DLC</subfield><subfield code="d">OCLCO</subfield><subfield code="d">OCLCF</subfield></datafield><datafield ind1="0" ind2=" " tag="022"><subfield code="a">2332-4570</subfield><subfield code="2">1</subfield></datafield><datafield ind1="0" ind2=" " tag="029"><subfield code="a">NZ1</subfield><subfield code="b">15126740</subfield></datafield><datafield ind1=" " ind2=" " tag="042"><subfield code="a">msc</subfield><subfield code="a">nsdp</subfield></datafield><datafield ind1=" " ind2=" " tag="043"><subfield code="a">n-us-ia</subfield></datafield><datafield ind1="1" ind2="0" tag="050"><subfield code="a">ISSN RECORD</subfield></datafield><datafield ind1="0" ind2="0" tag="082"><subfield code="a">071</subfield><subfield code="2">23</subfield></datafield><datafield ind1="0" ind2=" " tag="130"><subfield code="a">Bystander (Des Moines, Iowa : Online)</subfield></datafield><datafield ind1=" " ind2="4" tag="222"><subfield code="a">The bystander</subfield><subfield code="b">(Des Moines, Iowa. Online)</subfield></datafield><datafield ind1="0" ind2="4" tag="245"><subfield code="a">The bystander.</subfield></datafield><datafield ind1="1" ind2="7" tag="246"><subfield code="a">Iowa state bystander</subfield></datafield><datafield ind1=" " ind2="1" tag="264"><subfield code="a">Des Moines, Iowa :</subfield><subfield code="b">Bystander Publishing Co.,</subfield><subfield code="c">1916-</subfield></datafield><datafield ind1=" " ind2=" " tag="310"><subfield code="a">Weekly</subfield></datafield><datafield ind1=" " ind2=" " tag="336"><subfield code="a">text</subfield><subfield code="b">txt</subfield><subfield code="2">rdacontent</subfield></datafield><datafield ind1=" " ind2=" " tag="337"><subfield code="a">computer</subfield><subfield code="b">c</subfield><subfield code="2">rdamedia</subfield></datafield><datafield ind1=" " ind2=" " tag="338"><subfield code="a">online resource</subfield><subfield code="b">cr</subfield><subfield code="2">rdacarrier</subfield></datafield><datafield ind1="1" ind2=" " tag="362"><subfield code="a">Began with [vol.] XXII, no. 31 (January 21, 1916). Ceased in 1922?</subfield></datafield><datafield ind1=" " ind2=" " tag="588"><subfield code="a">Description based on: [Vol.] XXII, no. 31 (January 21, 1916); title from masthead (Chroniclingamerica.loc.gov, viewed November 27, 2013).</subfield></datafield><datafield ind1=" " ind2=" " tag="588"><subfield code="a">Latest issue consulted: Vol. XXVIII, no. 20 (December 31, 1921) (Chroniclingamerica.loc.gov, viewed November 27, 2013).</subfield></datafield><datafield ind1=" " ind2="0" tag="650"><subfield code="a">African Americans</subfield><subfield code="z">Iowa</subfield><subfield code="v">Newspapers.</subfield></datafield><datafield ind1=" " ind2="0" tag="651"><subfield code="a">Des Moines (Iowa)</subfield><subfield code="v">Newspapers.</subfield></datafield><datafield ind1=" " ind2="7" tag="655"><subfield code="a">Newspapers.</subfield><subfield code="2">fast</subfield><subfield code="0">(OCoLC)fst01423814</subfield></datafield><datafield ind1=" " ind2="7" tag="650"><subfield code="a">African Americans.</subfield><subfield code="2">fast</subfield><subfield code="0">(OCoLC)fst00799558</subfield></datafield><datafield ind1=" " ind2="7" tag="651"><subfield code="a">Iowa.</subfield><subfield code="2">fast</subfield><subfield code="0">(OCoLC)fst01205835</subfield></datafield><datafield ind1=" " ind2="7" tag="651"><subfield code="a">Iowa</subfield><subfield code="z">Des Moines.</subfield><subfield code="2">fast</subfield><subfield code="0">(OCoLC)fst01205836</subfield></datafield><datafield ind1=" " ind2=" " tag="752"><subfield code="a">United States</subfield><subfield code="b">Iowa</subfield><subfield code="c">Polk</subfield><subfield code="d">Des Moines.</subfield></datafield><datafield ind1="0" ind2="8" tag="776"><subfield code="i">Originally issued in print:</subfield><subfield code="t">Bystander (Des Moines, Iowa)</subfield><subfield code="x">2332-4554</subfield><subfield code="w">(DLC)sn 85049804</subfield><subfield code="w">(OCoLC)2258813</subfield></datafield><datafield ind1="0" ind2="0" tag="780"><subfield code="t">Iowa state bystander (Online)</subfield><subfield code="x">2332-4538</subfield><subfield code="w">(DLC)  2012254030</subfield><subfield code="w">(OCoLC)773214746</subfield></datafield><datafield ind1="0" ind2="0" tag="785"><subfield code="t">Iowa bystander (Des Moines, Iowa : 1922 : Online)</subfield></datafield><datafield ind1="4" ind2="0" tag="856"><subfield code="u">http://www.loc.gov/chroniclingamerica/lccn/sn85049804/issues</subfield></datafield></record>